<?xml version="1.0" encoding="UTF-8"?><record xmlns="http://www.loc.gov/MARC21/slim" xmlns:cinclude="http://apache.org/cocoon/include/1.0" xmlns:zs="http://www.loc.gov/zing/srw/">
  <leader>00397nz  a2200121n  4500</leader>
  <controlfield tag="001">n  98002690 </controlfield>
  <controlfield tag="003">DLC</controlfield>
  <controlfield tag="005">19980112111340.5</controlfield>
  <controlfield tag="008">980112n| acannaab|          |n aaa |||  </controlfield>
  <datafield tag="010" ind1=" " ind2=" ">
    <subfield code="a">n  98002690 </subfield>
  </datafield>
  <datafield tag="040" ind1=" " ind2=" ">
    <subfield code="a">DLC</subfield>
    <subfield code="c">DLC</subfield>
  </datafield>
  <datafield tag="100" ind1="1" ind2="0">
    <subfield code="a">Figueroa, Eduardo O.</subfield>
  </datafield>
  <datafield tag="670" ind1=" " ind2=" ">
    <subfield code="a">BiografiĚa de un hospital, 1996:</subfield>
    <subfield code="b">t.p. (Eduardo O. Figueroa) p. [6] (doctor en medicina y cirugia) bibliography (Figueroa, Eduardo Octavio)</subfield>
  </datafield>
</record>